@article{brickenstein2009polybori,
  title={PolyBoRi: A Framework for Gr{\"o}bner-basis Computations with Boolean Polynomials},
  author={Michael Brickenstein and Alexander Dreyer},
  journal={Journal of Symbolic Computation},
  volume={44},
  number={9},
  pages={1326--1345},
  year={2009},
  publisher={Elsevier}
}

@inproceedings{minato1993zero,
  title={Zero-suppressed BDDs for Set Manipulation in Combinatorial Problems},
  author={Shin-ichi Minato},
  booktitle={Design Automation, 1993. 30th Conference on},
  pages={272--277},
  year={1993},
  organization={IEEE}
}

@book{minato1996binary,
  title={Binary Decision Diagrams and Applications for VLSI CAD},
  author={Shin-ichi Minato},
  volume={342},
  year={1996},
  publisher={Springer}
}

@article{somenzi1998cudd,
  title={CUDD: CU Decision Diagram Package Release 2.5. 0},
  author={Fabio Somenzi},
  journal={University of Colorado at Boulder},
  year={1998}
}

@article{seligspoly,
  title={S-Polynomials and Buchberger's Algorithm},
  author={J.M. Selig},
  journal={London South Bank University},
  year={London SE1 0AA, UK}
}

@article{minato2001zero,
  title={Zero-suppressed BDDs and their applications},
  author={Shin-ichi Minato},
  journal={International Journal on Software Tools for Technology Transfer},
  volume={3},
  number={2},
  pages={156--170},
  year={2001},
  publisher={Springer}
}
